[
    {
        "Quarter": "Q1-2022",
        "Countries": {
            "USA": 4,
            "India": 4,
            "France": 0,
            "UK": 2,
            "Australia": 0
        },
        "Occupations": {
            "Sales": 3,
            "Operations": 1,
            "Software Engineering": 4,
            "Information Technology": 0,
            "Marketing": 1,
            "Administration": 1,
            "Human Resources": 0
        },
        "Capital": 4.15,
        "Revenue": 745000,
        "RevenuePerEmployee": 74500,
        "CapitalToRevenueRatio": 5.570469798657719
    },
    {
        "Quarter": "Q2-2022",
        "Countries": {
            "USA": 3,
            "India": 4,
            "France": 0,
            "UK": 2,
            "Australia": 0
        },
        "Occupations": {
            "Sales": 3,
            "Operations": 1,
            "Software Engineering": 3,
            "Information Technology": 0,
            "Marketing": 1,
            "Administration": 0,
            "Human Resources": 0
        },
        "Capital": 4.15,
        "Revenue": 641664,
        "RevenuePerEmployee": 71296,
        "CapitalToRevenueRatio": 6.4675593457011775
    },
    {
        "Quarter": "Q3-2022",
        "Countries": {
            "USA": 2,
            "India": 3,
            "France": 0,
            "UK": 2,
            "Australia": 0
        },
        "Occupations": {
            "Sales": 2,
            "Operations": 1,
            "Software Engineering": 3,
            "Information Technology": 0,
            "Marketing": 1,
            "Administration": 0,
            "Human Resources": 0
        },
        "Capital": 4.15,
        "Revenue": 503573,
        "RevenuePerEmployee": 71939,
        "CapitalToRevenueRatio": 8.241109034837056
    },
    {
        "Quarter": "Q4-2022",
        "Countries": {
            "USA": 2,
            "India": 1,
            "France": 0,
            "UK": 2,
            "Australia": 0
        },
        "Occupations": {
            "Sales": 2,
            "Operations": 1,
            "Software Engineering": 1,
            "Information Technology": 0,
            "Marketing": 1,
            "Administration": 0,
            "Human Resources": 0
        },
        "Capital": 4.15,
        "Revenue": 465000,
        "RevenuePerEmployee": 93000,
        "CapitalToRevenueRatio": 8.9247311827957
    },
    {
        "Quarter": "Q1-2023",
        "Countries": {
            "USA": 2,
            "India": 0,
            "France": 0,
            "UK": 2,
            "Australia": 0
        },
        "Occupations": {
            "Sales": 2,
            "Operations": 1,
            "Software Engineering": 1,
            "Information Technology": 0,
            "Marketing": 1,
            "Administration": 0,
            "Human Resources": 0
        },
        "Capital": 8.81,
        "Revenue": 475000,
        "RevenuePerEmployee": 118750,
        "CapitalToRevenueRatio": 18.54736842105263
    },
    {
        "Quarter": "Q2-2023",
        "Countries": {
            "USA": 1,
            "India": 0,
            "France": 0,
            "UK": 2,
            "Australia": 0
        },
        "Occupations": {
            "Sales": 2,
            "Operations": 1,
            "Software Engineering": 1,
            "Information Technology": 0,
            "Marketing": 0,
            "Administration": 0,
            "Human Resources": 0
        },
        "Capital": 13.370000000000001,
        "Revenue": 399999,
        "RevenuePerEmployee": 133333,
        "CapitalToRevenueRatio": 33.42508356270891
    },
    {
        "Quarter": "Q3-2023",
        "Countries": {
            "USA": 0,
            "India": 0,
            "France": 0,
            "UK": 2,
            "Australia": 0
        },
        "Occupations": {
            "Sales": 2,
            "Operations": 1,
            "Software Engineering": 0,
            "Information Technology": 0,
            "Marketing": 0,
            "Administration": 0,
            "Human Resources": 0
        },
        "Capital": 13.370000000000001,
        "Revenue": 300000,
        "RevenuePerEmployee": 150000,
        "CapitalToRevenueRatio": 44.56666666666667
    },
    {
        "Quarter": "Q4-2023",
        "Countries": {
            "USA": 0,
            "India": 0,
            "France": 0,
            "UK": 2,
            "Australia": 0
        },
        "Occupations": {
            "Sales": 1,
            "Operations": 1,
            "Software Engineering": 0,
            "Information Technology": 0,
            "Marketing": 0,
            "Administration": 0,
            "Human Resources": 0
        },
        "Capital": 13.370000000000001,
        "Revenue": 225000,
        "RevenuePerEmployee": 112500,
        "CapitalToRevenueRatio": 59.42222222222223
    },
    {
        "Quarter": "Q1-2024",
        "Countries": {
            "USA": 0,
            "India": 0,
            "France": 0,
            "UK": 2,
            "Australia": 0
        },
        "Occupations": {
            "Sales": 0,
            "Operations": 1,
            "Software Engineering": 0,
            "Information Technology": 0,
            "Marketing": 0,
            "Administration": 0,
            "Human Resources": 0
        },
        "Capital": 13.370000000000001,
        "Revenue": 240000,
        "RevenuePerEmployee": 120000,
        "CapitalToRevenueRatio": 55.70833333333334
    },
    {
        "Quarter": "Q2-2024",
        "Countries": {
            "USA": 0,
            "India": 0,
            "France": 0,
            "UK": 2,
            "Australia": 0
        },
        "Occupations": {
            "Sales": 0,
            "Operations": 1,
            "Software Engineering": 0,
            "Information Technology": 0,
            "Marketing": 0,
            "Administration": 0,
            "Human Resources": 0
        },
        "Capital": 13.370000000000001,
        "Revenue": 240000,
        "RevenuePerEmployee": 120000,
        "CapitalToRevenueRatio": 55.70833333333334
    },
    {
        "Quarter": "Q3-2024",
        "Countries": {
            "USA": 0,
            "India": 0,
            "France": 0,
            "UK": 1,
            "Australia": 0
        },
        "Occupations": {
            "Sales": 0,
            "Operations": 1,
            "Software Engineering": 0,
            "Information Technology": 0,
            "Marketing": 0,
            "Administration": 0,
            "Human Resources": 0
        },
        "Capital": 13.370000000000001,
        "Revenue": 120000,
        "RevenuePerEmployee": 120000,
        "CapitalToRevenueRatio": 111.41666666666669
    },
    {
        "Quarter": "Q4-2024",
        "Countries": {
            "USA": 0,
            "India": 0,
            "France": 0,
            "UK": 1,
            "Australia": 0
        },
        "Occupations": {
            "Sales": 0,
            "Operations": 1,
            "Software Engineering": 0,
            "Information Technology": 0,
            "Marketing": 0,
            "Administration": 0,
            "Human Resources": 0
        },
        "Capital": 13.370000000000001,
        "Revenue": 120000,
        "RevenuePerEmployee": 120000,
        "CapitalToRevenueRatio": 111.41666666666669
    }
]