[
    {
        "Quarter": "Q1-2022",
        "Countries": {
            "USA": 1,
            "India": 3,
            "France": 1,
            "UK": 0,
            "Australia": 2
        },
        "Occupations": {
            "Sales": 1,
            "Operations": 0,
            "Software Engineering": 1,
            "Information Technology": 1,
            "Marketing": 1,
            "Administration": 0,
            "Human Resources": 1
        },
        "Capital": 4.15,
        "Revenue": 439999,
        "RevenuePerEmployee": 62857,
        "CapitalToRevenueRatio": 9.431839617817314
    },
    {
        "Quarter": "Q2-2022",
        "Countries": {
            "USA": 3,
            "India": 3,
            "France": 1,
            "UK": 0,
            "Australia": 2
        },
        "Occupations": {
            "Sales": 1,
            "Operations": 1,
            "Software Engineering": 2,
            "Information Technology": 1,
            "Marketing": 1,
            "Administration": 0,
            "Human Resources": 1
        },
        "Capital": 4.15,
        "Revenue": 618336,
        "RevenuePerEmployee": 68704,
        "CapitalToRevenueRatio": 6.711561351756974
    },
    {
        "Quarter": "Q3-2022",
        "Countries": {
            "USA": 4,
            "India": 3,
            "France": 2,
            "UK": 1,
            "Australia": 2
        },
        "Occupations": {
            "Sales": 3,
            "Operations": 1,
            "Software Engineering": 2,
            "Information Technology": 1,
            "Marketing": 1,
            "Administration": 1,
            "Human Resources": 1
        },
        "Capital": 4.15,
        "Revenue": 971256,
        "RevenuePerEmployee": 80938,
        "CapitalToRevenueRatio": 4.27281787705816
    },
    {
        "Quarter": "Q4-2022",
        "Countries": {
            "USA": 5,
            "India": 5,
            "France": 2,
            "UK": 1,
            "Australia": 2
        },
        "Occupations": {
            "Sales": 4,
            "Operations": 1,
            "Software Engineering": 3,
            "Information Technology": 1,
            "Marketing": 2,
            "Administration": 1,
            "Human Resources": 1
        },
        "Capital": 4.15,
        "Revenue": 1136670,
        "RevenuePerEmployee": 75778,
        "CapitalToRevenueRatio": 3.6510156861710086
    },
    {
        "Quarter": "Q1-2023",
        "Countries": {
            "USA": 5,
            "India": 5,
            "France": 3,
            "UK": 2,
            "Australia": 2
        },
        "Occupations": {
            "Sales": 4,
            "Operations": 2,
            "Software Engineering": 3,
            "Information Technology": 2,
            "Marketing": 2,
            "Administration": 1,
            "Human Resources": 1
        },
        "Capital": 8.92,
        "Revenue": 1319115,
        "RevenuePerEmployee": 77595,
        "CapitalToRevenueRatio": 6.762109444589744
    },
    {
        "Quarter": "Q2-2023",
        "Countries": {
            "USA": 6,
            "India": 5,
            "France": 3,
            "UK": 2,
            "Australia": 2
        },
        "Occupations": {
            "Sales": 4,
            "Operations": 2,
            "Software Engineering": 4,
            "Information Technology": 2,
            "Marketing": 2,
            "Administration": 1,
            "Human Resources": 1
        },
        "Capital": 8.92,
        "Revenue": 1419444,
        "RevenuePerEmployee": 78858,
        "CapitalToRevenueRatio": 6.284150695624484
    },
    {
        "Quarter": "Q3-2023",
        "Countries": {
            "USA": 7,
            "India": 5,
            "France": 3,
            "UK": 2,
            "Australia": 3
        },
        "Occupations": {
            "Sales": 4,
            "Operations": 2,
            "Software Engineering": 4,
            "Information Technology": 2,
            "Marketing": 3,
            "Administration": 2,
            "Human Resources": 1
        },
        "Capital": 8.92,
        "Revenue": 1580000,
        "RevenuePerEmployee": 79000,
        "CapitalToRevenueRatio": 5.6455696202531644
    },
    {
        "Quarter": "Q4-2023",
        "Countries": {
            "USA": 8,
            "India": 5,
            "France": 3,
            "UK": 4,
            "Australia": 4
        },
        "Occupations": {
            "Sales": 5,
            "Operations": 2,
            "Software Engineering": 6,
            "Information Technology": 2,
            "Marketing": 4,
            "Administration": 2,
            "Human Resources": 1
        },
        "Capital": 13.55,
        "Revenue": 1998960,
        "RevenuePerEmployee": 83290,
        "CapitalToRevenueRatio": 6.7785248329131145
    },
    {
        "Quarter": "Q1-2024",
        "Countries": {
            "USA": 9,
            "India": 6,
            "France": 3,
            "UK": 4,
            "Australia": 4
        },
        "Occupations": {
            "Sales": 5,
            "Operations": 2,
            "Software Engineering": 7,
            "Information Technology": 2,
            "Marketing": 4,
            "Administration": 3,
            "Human Resources": 1
        },
        "Capital": 13.55,
        "Revenue": 2103452,
        "RevenuePerEmployee": 80902,
        "CapitalToRevenueRatio": 6.441791873548814
    },
    {
        "Quarter": "Q2-2024",
        "Countries": {
            "USA": 11,
            "India": 6,
            "France": 3,
            "UK": 4,
            "Australia": 4
        },
        "Occupations": {
            "Sales": 5,
            "Operations": 2,
            "Software Engineering": 8,
            "Information Technology": 2,
            "Marketing": 5,
            "Administration": 3,
            "Human Resources": 1
        },
        "Capital": 13.55,
        "Revenue": 2282504,
        "RevenuePerEmployee": 81518,
        "CapitalToRevenueRatio": 5.936462761949158
    },
    {
        "Quarter": "Q3-2024",
        "Countries": {
            "USA": 11,
            "India": 6,
            "France": 4,
            "UK": 5,
            "Australia": 4
        },
        "Occupations": {
            "Sales": 6,
            "Operations": 2,
            "Software Engineering": 8,
            "Information Technology": 2,
            "Marketing": 5,
            "Administration": 4,
            "Human Resources": 1
        },
        "Capital": 13.55,
        "Revenue": 2502000,
        "RevenuePerEmployee": 83400,
        "CapitalToRevenueRatio": 5.415667466027179
    },
    {
        "Quarter": "Q4-2024",
        "Countries": {
            "USA": 12,
            "India": 6,
            "France": 4,
            "UK": 5,
            "Australia": 4
        },
        "Occupations": {
            "Sales": 6,
            "Operations": 2,
            "Software Engineering": 8,
            "Information Technology": 2,
            "Marketing": 5,
            "Administration": 4,
            "Human Resources": 2
        },
        "Capital": 13.55,
        "Revenue": 2580812,
        "RevenuePerEmployee": 83252,
        "CapitalToRevenueRatio": 5.2502855690379615
    }
]