[
    {
        "Quarter": "Q1-2022",
        "Countries": {
            "USA": 2,
            "India": 2,
            "France": 1,
            "UK": 2,
            "Australia": 1
        },
        "Occupations": {
            "Sales": 1,
            "Operations": 0,
            "Software Engineering": 3,
            "Information Technology": 0,
            "Marketing": 1,
            "Administration": 0,
            "Human Resources": 0
        },
        "Capital": 1.42,
        "Revenue": 608752,
        "RevenuePerEmployee": 76094,
        "CapitalToRevenueRatio": 2.332641206928273
    },
    {
        "Quarter": "Q2-2022",
        "Countries": {
            "USA": 2,
            "India": 5,
            "France": 1,
            "UK": 2,
            "Australia": 1
        },
        "Occupations": {
            "Sales": 2,
            "Operations": 0,
            "Software Engineering": 4,
            "Information Technology": 0,
            "Marketing": 1,
            "Administration": 1,
            "Human Resources": 0
        },
        "Capital": 1.42,
        "Revenue": 704550,
        "RevenuePerEmployee": 64050,
        "CapitalToRevenueRatio": 2.0154708679298845
    },
    {
        "Quarter": "Q3-2022",
        "Countries": {
            "USA": 2,
            "India": 7,
            "France": 1,
            "UK": 2,
            "Australia": 2
        },
        "Occupations": {
            "Sales": 2,
            "Operations": 1,
            "Software Engineering": 5,
            "Information Technology": 0,
            "Marketing": 2,
            "Administration": 1,
            "Human Resources": 0
        },
        "Capital": 1.42,
        "Revenue": 825006,
        "RevenuePerEmployee": 58929,
        "CapitalToRevenueRatio": 1.7211996033968238
    },
    {
        "Quarter": "Q4-2022",
        "Countries": {
            "USA": 5,
            "India": 7,
            "France": 1,
            "UK": 2,
            "Australia": 2
        },
        "Occupations": {
            "Sales": 3,
            "Operations": 1,
            "Software Engineering": 6,
            "Information Technology": 0,
            "Marketing": 3,
            "Administration": 1,
            "Human Resources": 0
        },
        "Capital": 1.42,
        "Revenue": 1135294,
        "RevenuePerEmployee": 66782,
        "CapitalToRevenueRatio": 1.25077733168677
    },
    {
        "Quarter": "Q1-2023",
        "Countries": {
            "USA": 5,
            "India": 7,
            "France": 2,
            "UK": 2,
            "Australia": 2
        },
        "Occupations": {
            "Sales": 4,
            "Operations": 1,
            "Software Engineering": 6,
            "Information Technology": 0,
            "Marketing": 3,
            "Administration": 1,
            "Human Resources": 0
        },
        "Capital": 1.42,
        "Revenue": 1267218,
        "RevenuePerEmployee": 70401,
        "CapitalToRevenueRatio": 1.1205648909658796
    },
    {
        "Quarter": "Q2-2023",
        "Countries": {
            "USA": 6,
            "India": 7,
            "France": 2,
            "UK": 3,
            "Australia": 2
        },
        "Occupations": {
            "Sales": 4,
            "Operations": 1,
            "Software Engineering": 8,
            "Information Technology": 0,
            "Marketing": 3,
            "Administration": 1,
            "Human Resources": 0
        },
        "Capital": 3.87,
        "Revenue": 1468000,
        "RevenuePerEmployee": 73400,
        "CapitalToRevenueRatio": 2.636239782016349
    },
    {
        "Quarter": "Q3-2023",
        "Countries": {
            "USA": 8,
            "India": 8,
            "France": 2,
            "UK": 3,
            "Australia": 2
        },
        "Occupations": {
            "Sales": 4,
            "Operations": 1,
            "Software Engineering": 9,
            "Information Technology": 0,
            "Marketing": 3,
            "Administration": 2,
            "Human Resources": 1
        },
        "Capital": 7.11,
        "Revenue": 1656966,
        "RevenuePerEmployee": 72042,
        "CapitalToRevenueRatio": 4.2909751920075605
    },
    {
        "Quarter": "Q4-2023",
        "Countries": {
            "USA": 9,
            "India": 8,
            "France": 2,
            "UK": 3,
            "Australia": 2
        },
        "Occupations": {
            "Sales": 4,
            "Operations": 1,
            "Software Engineering": 9,
            "Information Technology": 0,
            "Marketing": 3,
            "Administration": 2,
            "Human Resources": 2
        },
        "Capital": 7.11,
        "Revenue": 1738344,
        "RevenuePerEmployee": 72431,
        "CapitalToRevenueRatio": 4.09009954301335
    },
    {
        "Quarter": "Q1-2024",
        "Countries": {
            "USA": 10,
            "India": 10,
            "France": 2,
            "UK": 3,
            "Australia": 2
        },
        "Occupations": {
            "Sales": 4,
            "Operations": 1,
            "Software Engineering": 10,
            "Information Technology": 0,
            "Marketing": 4,
            "Administration": 2,
            "Human Resources": 3
        },
        "Capital": 7.11,
        "Revenue": 1854630,
        "RevenuePerEmployee": 68690,
        "CapitalToRevenueRatio": 3.833648760130053
    },
    {
        "Quarter": "Q2-2024",
        "Countries": {
            "USA": 10,
            "India": 10,
            "France": 2,
            "UK": 4,
            "Australia": 2
        },
        "Occupations": {
            "Sales": 4,
            "Operations": 1,
            "Software Engineering": 11,
            "Information Technology": 0,
            "Marketing": 4,
            "Administration": 2,
            "Human Resources": 3
        },
        "Capital": 7.11,
        "Revenue": 1953560,
        "RevenuePerEmployee": 69770,
        "CapitalToRevenueRatio": 3.639509408464547
    },
    {
        "Quarter": "Q3-2024",
        "Countries": {
            "USA": 12,
            "India": 10,
            "France": 2,
            "UK": 4,
            "Australia": 2
        },
        "Occupations": {
            "Sales": 5,
            "Operations": 1,
            "Software Engineering": 11,
            "Information Technology": 0,
            "Marketing": 5,
            "Administration": 2,
            "Human Resources": 3
        },
        "Capital": 7.11,
        "Revenue": 2168340,
        "RevenuePerEmployee": 72278,
        "CapitalToRevenueRatio": 3.27900605993525
    },
    {
        "Quarter": "Q4-2024",
        "Countries": {
            "USA": 12,
            "India": 10,
            "France": 2,
            "UK": 4,
            "Australia": 3
        },
        "Occupations": {
            "Sales": 5,
            "Operations": 1,
            "Software Engineering": 11,
            "Information Technology": 0,
            "Marketing": 5,
            "Administration": 3,
            "Human Resources": 3
        },
        "Capital": 7.11,
        "Revenue": 2249205,
        "RevenuePerEmployee": 72555,
        "CapitalToRevenueRatio": 3.16111692798122
    }
]