[
    {
        "Quarter": "Q1-2022",
        "Countries": {
            "USA": 4,
            "India": 3,
            "France": 1,
            "UK": 1,
            "Australia": 2
        },
        "Occupations": {
            "Sales": 3,
            "Operations": 0,
            "Software Engineering": 1,
            "Information Technology": 0,
            "Marketing": 1,
            "Administration": 0,
            "Human Resources": 0
        },
        "Capital": 3.03,
        "Revenue": 851367,
        "RevenuePerEmployee": 77397,
        "CapitalToRevenueRatio": 3.5589822015652475
    },
    {
        "Quarter": "Q2-2022",
        "Countries": {
            "USA": 5,
            "India": 4,
            "France": 1,
            "UK": 1,
            "Australia": 2
        },
        "Occupations": {
            "Sales": 3,
            "Operations": 0,
            "Software Engineering": 1,
            "Information Technology": 1,
            "Marketing": 2,
            "Administration": 0,
            "Human Resources": 0
        },
        "Capital": 3.03,
        "Revenue": 957697,
        "RevenuePerEmployee": 73669,
        "CapitalToRevenueRatio": 3.163839920141757
    },
    {
        "Quarter": "Q3-2022",
        "Countries": {
            "USA": 6,
            "India": 4,
            "France": 1,
            "UK": 1,
            "Australia": 3
        },
        "Occupations": {
            "Sales": 4,
            "Operations": 1,
            "Software Engineering": 1,
            "Information Technology": 1,
            "Marketing": 2,
            "Administration": 0,
            "Human Resources": 0
        },
        "Capital": 3.03,
        "Revenue": 1174995,
        "RevenuePerEmployee": 78333,
        "CapitalToRevenueRatio": 2.578734377593096
    },
    {
        "Quarter": "Q4-2022",
        "Countries": {
            "USA": 8,
            "India": 5,
            "France": 1,
            "UK": 1,
            "Australia": 3
        },
        "Occupations": {
            "Sales": 4,
            "Operations": 1,
            "Software Engineering": 3,
            "Information Technology": 2,
            "Marketing": 2,
            "Administration": 0,
            "Human Resources": 0
        },
        "Capital": 3.03,
        "Revenue": 1400004,
        "RevenuePerEmployee": 77778,
        "CapitalToRevenueRatio": 2.1642795306299125
    },
    {
        "Quarter": "Q1-2023",
        "Countries": {
            "USA": 8,
            "India": 6,
            "France": 1,
            "UK": 1,
            "Australia": 3
        },
        "Occupations": {
            "Sales": 4,
            "Operations": 1,
            "Software Engineering": 4,
            "Information Technology": 2,
            "Marketing": 2,
            "Administration": 0,
            "Human Resources": 0
        },
        "Capital": 3.03,
        "Revenue": 1425000,
        "RevenuePerEmployee": 75000,
        "CapitalToRevenueRatio": 2.126315789473684
    },
    {
        "Quarter": "Q2-2023",
        "Countries": {
            "USA": 9,
            "India": 6,
            "France": 1,
            "UK": 1,
            "Australia": 3
        },
        "Occupations": {
            "Sales": 4,
            "Operations": 1,
            "Software Engineering": 4,
            "Information Technology": 3,
            "Marketing": 2,
            "Administration": 0,
            "Human Resources": 0
        },
        "Capital": 5.529999999999999,
        "Revenue": 1525000,
        "RevenuePerEmployee": 76250,
        "CapitalToRevenueRatio": 3.6262295081967206
    },
    {
        "Quarter": "Q3-2023",
        "Countries": {
            "USA": 11,
            "India": 6,
            "France": 1,
            "UK": 1,
            "Australia": 3
        },
        "Occupations": {
            "Sales": 4,
            "Operations": 1,
            "Software Engineering": 6,
            "Information Technology": 3,
            "Marketing": 2,
            "Administration": 0,
            "Human Resources": 0
        },
        "Capital": 10.11,
        "Revenue": 1724998,
        "RevenuePerEmployee": 78409,
        "CapitalToRevenueRatio": 5.86087636043636
    },
    {
        "Quarter": "Q4-2023",
        "Countries": {
            "USA": 11,
            "India": 9,
            "France": 1,
            "UK": 1,
            "Australia": 3
        },
        "Occupations": {
            "Sales": 5,
            "Operations": 1,
            "Software Engineering": 6,
            "Information Technology": 5,
            "Marketing": 2,
            "Administration": 0,
            "Human Resources": 0
        },
        "Capital": 10.11,
        "Revenue": 1833800,
        "RevenuePerEmployee": 73352,
        "CapitalToRevenueRatio": 5.513142109281274
    },
    {
        "Quarter": "Q1-2024",
        "Countries": {
            "USA": 11,
            "India": 10,
            "France": 1,
            "UK": 2,
            "Australia": 3
        },
        "Occupations": {
            "Sales": 5,
            "Operations": 1,
            "Software Engineering": 6,
            "Information Technology": 7,
            "Marketing": 2,
            "Administration": 0,
            "Human Resources": 0
        },
        "Capital": 10.11,
        "Revenue": 1958337,
        "RevenuePerEmployee": 72531,
        "CapitalToRevenueRatio": 5.16254352545042
    },
    {
        "Quarter": "Q2-2024",
        "Countries": {
            "USA": 11,
            "India": 10,
            "France": 1,
            "UK": 2,
            "Australia": 4
        },
        "Occupations": {
            "Sales": 6,
            "Operations": 1,
            "Software Engineering": 6,
            "Information Technology": 7,
            "Marketing": 2,
            "Administration": 0,
            "Human Resources": 0
        },
        "Capital": 10.11,
        "Revenue": 2092860,
        "RevenuePerEmployee": 74745,
        "CapitalToRevenueRatio": 4.830710128723374
    },
    {
        "Quarter": "Q3-2024",
        "Countries": {
            "USA": 11,
            "India": 11,
            "France": 1,
            "UK": 2,
            "Australia": 5
        },
        "Occupations": {
            "Sales": 6,
            "Operations": 2,
            "Software Engineering": 6,
            "Information Technology": 7,
            "Marketing": 2,
            "Administration": 0,
            "Human Resources": 1
        },
        "Capital": 10.11,
        "Revenue": 2181660,
        "RevenuePerEmployee": 72722,
        "CapitalToRevenueRatio": 4.634085971232914
    },
    {
        "Quarter": "Q4-2024",
        "Countries": {
            "USA": 12,
            "India": 11,
            "France": 1,
            "UK": 3,
            "Australia": 5
        },
        "Occupations": {
            "Sales": 7,
            "Operations": 2,
            "Software Engineering": 7,
            "Information Technology": 7,
            "Marketing": 2,
            "Administration": 0,
            "Human Resources": 1
        },
        "Capital": 10.11,
        "Revenue": 2417344,
        "RevenuePerEmployee": 75542,
        "CapitalToRevenueRatio": 4.1822760848269835
    }
]