[
    {
        "Quarter": "Q1-2022",
        "Countries": {
            "USA": 2,
            "India": 2,
            "France": 1,
            "UK": 2,
            "Australia": 1
        },
        "Occupations": {
            "Sales": 3,
            "Operations": 0,
            "Software Engineering": 2,
            "Information Technology": 1,
            "Marketing": 1,
            "Administration": 1,
            "Human Resources": 1
        },
        "Capital": 4.59,
        "Revenue": 726248,
        "RevenuePerEmployee": 90781,
        "CapitalToRevenueRatio": 6.320155098533834
    },
    {
        "Quarter": "Q2-2022",
        "Countries": {
            "USA": 2,
            "India": 3,
            "France": 1,
            "UK": 3,
            "Australia": 1
        },
        "Occupations": {
            "Sales": 3,
            "Operations": 1,
            "Software Engineering": 2,
            "Information Technology": 1,
            "Marketing": 2,
            "Administration": 1,
            "Human Resources": 1
        },
        "Capital": 4.59,
        "Revenue": 808500,
        "RevenuePerEmployee": 80850,
        "CapitalToRevenueRatio": 5.6771799628942485
    },
    {
        "Quarter": "Q3-2022",
        "Countries": {
            "USA": 3,
            "India": 3,
            "France": 2,
            "UK": 3,
            "Australia": 1
        },
        "Occupations": {
            "Sales": 3,
            "Operations": 1,
            "Software Engineering": 3,
            "Information Technology": 2,
            "Marketing": 2,
            "Administration": 1,
            "Human Resources": 1
        },
        "Capital": 4.59,
        "Revenue": 1011252,
        "RevenuePerEmployee": 84271,
        "CapitalToRevenueRatio": 4.53892798234268
    },
    {
        "Quarter": "Q4-2022",
        "Countries": {
            "USA": 4,
            "India": 4,
            "France": 2,
            "UK": 3,
            "Australia": 1
        },
        "Occupations": {
            "Sales": 3,
            "Operations": 1,
            "Software Engineering": 4,
            "Information Technology": 3,
            "Marketing": 2,
            "Administration": 1,
            "Human Resources": 1
        },
        "Capital": 4.59,
        "Revenue": 1134280,
        "RevenuePerEmployee": 81020,
        "CapitalToRevenueRatio": 4.0466198822160315
    },
    {
        "Quarter": "Q1-2023",
        "Countries": {
            "USA": 5,
            "India": 5,
            "France": 2,
            "UK": 3,
            "Australia": 1
        },
        "Occupations": {
            "Sales": 4,
            "Operations": 1,
            "Software Engineering": 4,
            "Information Technology": 3,
            "Marketing": 3,
            "Administration": 1,
            "Human Resources": 1
        },
        "Capital": 6.869999999999999,
        "Revenue": 1275008,
        "RevenuePerEmployee": 79688,
        "CapitalToRevenueRatio": 5.388201485794598
    },
    {
        "Quarter": "Q2-2023",
        "Countries": {
            "USA": 5,
            "India": 6,
            "France": 4,
            "UK": 3,
            "Australia": 1
        },
        "Occupations": {
            "Sales": 4,
            "Operations": 2,
            "Software Engineering": 6,
            "Information Technology": 3,
            "Marketing": 3,
            "Administration": 1,
            "Human Resources": 1
        },
        "Capital": 11.34,
        "Revenue": 1481050,
        "RevenuePerEmployee": 77950,
        "CapitalToRevenueRatio": 7.6567300226190875
    },
    {
        "Quarter": "Q3-2023",
        "Countries": {
            "USA": 13,
            "India": 26,
            "France": 10,
            "UK": 14,
            "Australia": 7
        },
        "Occupations": {
            "Sales": 11,
            "Operations": 7,
            "Software Engineering": 21,
            "Information Technology": 13,
            "Marketing": 7,
            "Administration": 5,
            "Human Resources": 7
        },
        "Capital": 11.34,
        "Revenue": 4976860,
        "RevenuePerEmployee": 71098,
        "CapitalToRevenueRatio": 2.278545106754058
    },
    {
        "Quarter": "Q4-2023",
        "Countries": {
            "USA": 13,
            "India": 27,
            "France": 10,
            "UK": 15,
            "Australia": 7
        },
        "Occupations": {
            "Sales": 12,
            "Operations": 7,
            "Software Engineering": 21,
            "Information Technology": 13,
            "Marketing": 7,
            "Administration": 6,
            "Human Resources": 7
        },
        "Capital": 11.34,
        "Revenue": 5117472,
        "RevenuePerEmployee": 71076,
        "CapitalToRevenueRatio": 2.2159378693229783
    },
    {
        "Quarter": "Q1-2024",
        "Countries": {
            "USA": 15,
            "India": 28,
            "France": 10,
            "UK": 15,
            "Australia": 7
        },
        "Occupations": {
            "Sales": 13,
            "Operations": 7,
            "Software Engineering": 21,
            "Information Technology": 14,
            "Marketing": 7,
            "Administration": 6,
            "Human Resources": 8
        },
        "Capital": 11.34,
        "Revenue": 5358225,
        "RevenuePerEmployee": 71443,
        "CapitalToRevenueRatio": 2.1163724927564633
    },
    {
        "Quarter": "Q2-2024",
        "Countries": {
            "USA": 17,
            "India": 29,
            "France": 10,
            "UK": 15,
            "Australia": 7
        },
        "Occupations": {
            "Sales": 14,
            "Operations": 7,
            "Software Engineering": 22,
            "Information Technology": 14,
            "Marketing": 7,
            "Administration": 6,
            "Human Resources": 9
        },
        "Capital": 11.34,
        "Revenue": 5598996,
        "RevenuePerEmployee": 71782,
        "CapitalToRevenueRatio": 2.025363118673419
    },
    {
        "Quarter": "Q3-2024",
        "Countries": {
            "USA": 19,
            "India": 29,
            "France": 11,
            "UK": 15,
            "Australia": 7
        },
        "Occupations": {
            "Sales": 15,
            "Operations": 7,
            "Software Engineering": 22,
            "Information Technology": 14,
            "Marketing": 8,
            "Administration": 6,
            "Human Resources": 10
        },
        "Capital": 11.34,
        "Revenue": 5898177,
        "RevenuePerEmployee": 72817,
        "CapitalToRevenueRatio": 1.9226279577571173
    },
    {
        "Quarter": "Q4-2024",
        "Countries": {
            "USA": 19,
            "India": 30,
            "France": 11,
            "UK": 16,
            "Australia": 7
        },
        "Occupations": {
            "Sales": 17,
            "Operations": 7,
            "Software Engineering": 22,
            "Information Technology": 14,
            "Marketing": 8,
            "Administration": 6,
            "Human Resources": 10
        },
        "Capital": 11.34,
        "Revenue": 6090374,
        "RevenuePerEmployee": 73378,
        "CapitalToRevenueRatio": 1.8619546188789062
    }
]