[
    {
        "Quarter": "Q1-2022",
        "Countries": {
            "USA": 2,
            "India": 1,
            "France": 0,
            "UK": 1,
            "Australia": 1
        },
        "Occupations": {
            "Sales": 3,
            "Operations": 0,
            "Software Engineering": 1,
            "Information Technology": 1,
            "Marketing": 1,
            "Administration": 0,
            "Human Resources": 1
        },
        "Capital": 3.27,
        "Revenue": 548000,
        "RevenuePerEmployee": 109600,
        "CapitalToRevenueRatio": 5.967153284671533
    },
    {
        "Quarter": "Q2-2022",
        "Countries": {
            "USA": 5,
            "India": 1,
            "France": 0,
            "UK": 1,
            "Australia": 1
        },
        "Occupations": {
            "Sales": 4,
            "Operations": 1,
            "Software Engineering": 2,
            "Information Technology": 1,
            "Marketing": 1,
            "Administration": 0,
            "Human Resources": 1
        },
        "Capital": 3.27,
        "Revenue": 880000,
        "RevenuePerEmployee": 110000,
        "CapitalToRevenueRatio": 3.715909090909091
    },
    {
        "Quarter": "Q3-2022",
        "Countries": {
            "USA": 7,
            "India": 1,
            "France": 2,
            "UK": 1,
            "Australia": 1
        },
        "Occupations": {
            "Sales": 5,
            "Operations": 1,
            "Software Engineering": 4,
            "Information Technology": 1,
            "Marketing": 1,
            "Administration": 0,
            "Human Resources": 2
        },
        "Capital": 3.27,
        "Revenue": 1309584,
        "RevenuePerEmployee": 109132,
        "CapitalToRevenueRatio": 2.496976138987648
    },
    {
        "Quarter": "Q4-2022",
        "Countries": {
            "USA": 7,
            "India": 2,
            "France": 3,
            "UK": 1,
            "Australia": 1
        },
        "Occupations": {
            "Sales": 6,
            "Operations": 1,
            "Software Engineering": 4,
            "Information Technology": 1,
            "Marketing": 1,
            "Administration": 0,
            "Human Resources": 3
        },
        "Capital": 3.27,
        "Revenue": 1444996,
        "RevenuePerEmployee": 103214,
        "CapitalToRevenueRatio": 2.262982042856866
    },
    {
        "Quarter": "Q1-2023",
        "Countries": {
            "USA": 7,
            "India": 2,
            "France": 3,
            "UK": 1,
            "Australia": 1
        },
        "Occupations": {
            "Sales": 6,
            "Operations": 1,
            "Software Engineering": 4,
            "Information Technology": 1,
            "Marketing": 1,
            "Administration": 0,
            "Human Resources": 3
        },
        "Capital": 3.27,
        "Revenue": 1444996,
        "RevenuePerEmployee": 103214,
        "CapitalToRevenueRatio": 2.262982042856866
    },
    {
        "Quarter": "Q2-2023",
        "Countries": {
            "USA": 7,
            "India": 3,
            "France": 3,
            "UK": 1,
            "Australia": 1
        },
        "Occupations": {
            "Sales": 6,
            "Operations": 1,
            "Software Engineering": 4,
            "Information Technology": 2,
            "Marketing": 1,
            "Administration": 0,
            "Human Resources": 3
        },
        "Capital": 5.57,
        "Revenue": 1458000,
        "RevenuePerEmployee": 97200,
        "CapitalToRevenueRatio": 3.820301783264746
    },
    {
        "Quarter": "Q3-2023",
        "Countries": {
            "USA": 7,
            "India": 4,
            "France": 3,
            "UK": 1,
            "Australia": 2
        },
        "Occupations": {
            "Sales": 7,
            "Operations": 2,
            "Software Engineering": 4,
            "Information Technology": 2,
            "Marketing": 1,
            "Administration": 0,
            "Human Resources": 3
        },
        "Capital": 8.440000000000001,
        "Revenue": 1594702,
        "RevenuePerEmployee": 93806,
        "CapitalToRevenueRatio": 5.292524872985675
    },
    {
        "Quarter": "Q4-2023",
        "Countries": {
            "USA": 7,
            "India": 6,
            "France": 4,
            "UK": 2,
            "Australia": 2
        },
        "Occupations": {
            "Sales": 9,
            "Operations": 2,
            "Software Engineering": 5,
            "Information Technology": 2,
            "Marketing": 2,
            "Administration": 0,
            "Human Resources": 3
        },
        "Capital": 8.440000000000001,
        "Revenue": 1887858,
        "RevenuePerEmployee": 89898,
        "CapitalToRevenueRatio": 4.470675230870119
    },
    {
        "Quarter": "Q1-2024",
        "Countries": {
            "USA": 9,
            "India": 6,
            "France": 4,
            "UK": 2,
            "Australia": 2
        },
        "Occupations": {
            "Sales": 10,
            "Operations": 2,
            "Software Engineering": 6,
            "Information Technology": 2,
            "Marketing": 2,
            "Administration": 0,
            "Human Resources": 3
        },
        "Capital": 8.440000000000001,
        "Revenue": 2133687,
        "RevenuePerEmployee": 92769,
        "CapitalToRevenueRatio": 3.9555942366429573
    },
    {
        "Quarter": "Q2-2024",
        "Countries": {
            "USA": 9,
            "India": 6,
            "France": 5,
            "UK": 2,
            "Australia": 2
        },
        "Occupations": {
            "Sales": 10,
            "Operations": 2,
            "Software Engineering": 6,
            "Information Technology": 2,
            "Marketing": 2,
            "Administration": 0,
            "Human Resources": 4
        },
        "Capital": 8.440000000000001,
        "Revenue": 2217504,
        "RevenuePerEmployee": 92396,
        "CapitalToRevenueRatio": 3.80608107133065
    },
    {
        "Quarter": "Q3-2024",
        "Countries": {
            "USA": 9,
            "India": 8,
            "France": 5,
            "UK": 2,
            "Australia": 2
        },
        "Occupations": {
            "Sales": 10,
            "Operations": 2,
            "Software Engineering": 8,
            "Information Technology": 2,
            "Marketing": 2,
            "Administration": 0,
            "Human Resources": 4
        },
        "Capital": 8.440000000000001,
        "Revenue": 2248454,
        "RevenuePerEmployee": 86479,
        "CapitalToRevenueRatio": 3.753690313433142
    },
    {
        "Quarter": "Q4-2024",
        "Countries": {
            "USA": 10,
            "India": 8,
            "France": 6,
            "UK": 2,
            "Australia": 2
        },
        "Occupations": {
            "Sales": 11,
            "Operations": 2,
            "Software Engineering": 9,
            "Information Technology": 2,
            "Marketing": 2,
            "Administration": 0,
            "Human Resources": 4
        },
        "Capital": 8.440000000000001,
        "Revenue": 2492868,
        "RevenuePerEmployee": 89031,
        "CapitalToRevenueRatio": 3.38565860687369
    }
]