[
    {
        "Quarter": "Q1-2022",
        "Countries": {
            "USA": 4,
            "India": 5,
            "France": 1,
            "UK": 1,
            "Australia": 0
        },
        "Occupations": {
            "Sales": 3,
            "Operations": 1,
            "Software Engineering": 4,
            "Information Technology": 1,
            "Marketing": 0,
            "Administration": 0,
            "Human Resources": 1
        },
        "Capital": 2.68,
        "Revenue": 765908,
        "RevenuePerEmployee": 69628,
        "CapitalToRevenueRatio": 3.499114776187218
    },
    {
        "Quarter": "Q2-2022",
        "Countries": {
            "USA": 5,
            "India": 6,
            "France": 3,
            "UK": 1,
            "Australia": 0
        },
        "Occupations": {
            "Sales": 5,
            "Operations": 2,
            "Software Engineering": 5,
            "Information Technology": 1,
            "Marketing": 0,
            "Administration": 0,
            "Human Resources": 1
        },
        "Capital": 2.68,
        "Revenue": 1141995,
        "RevenuePerEmployee": 76133,
        "CapitalToRevenueRatio": 2.346770344878918
    },
    {
        "Quarter": "Q3-2022",
        "Countries": {
            "USA": 5,
            "India": 6,
            "France": 4,
            "UK": 3,
            "Australia": 0
        },
        "Occupations": {
            "Sales": 7,
            "Operations": 2,
            "Software Engineering": 5,
            "Information Technology": 2,
            "Marketing": 0,
            "Administration": 0,
            "Human Resources": 1
        },
        "Capital": 2.68,
        "Revenue": 1521666,
        "RevenuePerEmployee": 84537,
        "CapitalToRevenueRatio": 1.7612274967042703
    },
    {
        "Quarter": "Q4-2022",
        "Countries": {
            "USA": 5,
            "India": 6,
            "France": 4,
            "UK": 5,
            "Australia": 0
        },
        "Occupations": {
            "Sales": 7,
            "Operations": 2,
            "Software Engineering": 5,
            "Information Technology": 3,
            "Marketing": 0,
            "Administration": 1,
            "Human Resources": 1
        },
        "Capital": 2.68,
        "Revenue": 1710500,
        "RevenuePerEmployee": 85525,
        "CapitalToRevenueRatio": 1.5667933352820813
    },
    {
        "Quarter": "Q1-2023",
        "Countries": {
            "USA": 5,
            "India": 6,
            "France": 5,
            "UK": 6,
            "Australia": 0
        },
        "Occupations": {
            "Sales": 9,
            "Operations": 2,
            "Software Engineering": 5,
            "Information Technology": 3,
            "Marketing": 0,
            "Administration": 1,
            "Human Resources": 1
        },
        "Capital": 5.26,
        "Revenue": 1991814,
        "RevenuePerEmployee": 90537,
        "CapitalToRevenueRatio": 2.6408088305434143
    },
    {
        "Quarter": "Q2-2023",
        "Countries": {
            "USA": 5,
            "India": 6,
            "France": 5,
            "UK": 6,
            "Australia": 0
        },
        "Occupations": {
            "Sales": 9,
            "Operations": 2,
            "Software Engineering": 5,
            "Information Technology": 3,
            "Marketing": 0,
            "Administration": 1,
            "Human Resources": 1
        },
        "Capital": 5.26,
        "Revenue": 1991814,
        "RevenuePerEmployee": 90537,
        "CapitalToRevenueRatio": 2.6408088305434143
    },
    {
        "Quarter": "Q3-2023",
        "Countries": {
            "USA": 5,
            "India": 9,
            "France": 5,
            "UK": 6,
            "Australia": 1
        },
        "Occupations": {
            "Sales": 11,
            "Operations": 2,
            "Software Engineering": 6,
            "Information Technology": 3,
            "Marketing": 0,
            "Administration": 1,
            "Human Resources": 2
        },
        "Capital": 9.75,
        "Revenue": 2195180,
        "RevenuePerEmployee": 84430,
        "CapitalToRevenueRatio": 4.441549212365273
    },
    {
        "Quarter": "Q4-2023",
        "Countries": {
            "USA": 6,
            "India": 10,
            "France": 6,
            "UK": 6,
            "Australia": 2
        },
        "Occupations": {
            "Sales": 13,
            "Operations": 3,
            "Software Engineering": 6,
            "Information Technology": 3,
            "Marketing": 0,
            "Administration": 1,
            "Human Resources": 3
        },
        "Capital": 9.75,
        "Revenue": 2558340,
        "RevenuePerEmployee": 85278,
        "CapitalToRevenueRatio": 3.8110649874528013
    },
    {
        "Quarter": "Q1-2024",
        "Countries": {
            "USA": 7,
            "India": 11,
            "France": 6,
            "UK": 6,
            "Australia": 2
        },
        "Occupations": {
            "Sales": 13,
            "Operations": 4,
            "Software Engineering": 6,
            "Information Technology": 3,
            "Marketing": 0,
            "Administration": 2,
            "Human Resources": 3
        },
        "Capital": 9.75,
        "Revenue": 2642656,
        "RevenuePerEmployee": 82583,
        "CapitalToRevenueRatio": 3.68946998776988
    },
    {
        "Quarter": "Q2-2024",
        "Countries": {
            "USA": 7,
            "India": 11,
            "France": 6,
            "UK": 6,
            "Australia": 2
        },
        "Occupations": {
            "Sales": 13,
            "Operations": 4,
            "Software Engineering": 6,
            "Information Technology": 3,
            "Marketing": 0,
            "Administration": 2,
            "Human Resources": 3
        },
        "Capital": 9.75,
        "Revenue": 2642656,
        "RevenuePerEmployee": 82583,
        "CapitalToRevenueRatio": 3.68946998776988
    },
    {
        "Quarter": "Q3-2024",
        "Countries": {
            "USA": 8,
            "India": 11,
            "France": 6,
            "UK": 6,
            "Australia": 2
        },
        "Occupations": {
            "Sales": 13,
            "Operations": 4,
            "Software Engineering": 7,
            "Information Technology": 3,
            "Marketing": 0,
            "Administration": 2,
            "Human Resources": 3
        },
        "Capital": 9.75,
        "Revenue": 2746656,
        "RevenuePerEmployee": 83232,
        "CapitalToRevenueRatio": 3.549771067072105
    },
    {
        "Quarter": "Q4-2024",
        "Countries": {
            "USA": 10,
            "India": 11,
            "France": 6,
            "UK": 7,
            "Australia": 2
        },
        "Occupations": {
            "Sales": 15,
            "Operations": 4,
            "Software Engineering": 7,
            "Information Technology": 4,
            "Marketing": 0,
            "Administration": 2,
            "Human Resources": 3
        },
        "Capital": 9.75,
        "Revenue": 3129876,
        "RevenuePerEmployee": 86941,
        "CapitalToRevenueRatio": 3.1151393857136833
    }
]