[
    {
        "Quarter": "Q1-2022",
        "Countries": {
            "USA": 4,
            "India": 1,
            "France": 1,
            "UK": 1,
            "Australia": 1
        },
        "Occupations": {
            "Sales": 2,
            "Operations": 1,
            "Software Engineering": 1,
            "Information Technology": 1,
            "Marketing": 0,
            "Administration": 0,
            "Human Resources": 1
        },
        "Capital": 3.31,
        "Revenue": 723752,
        "RevenuePerEmployee": 90469,
        "CapitalToRevenueRatio": 4.573389779924615
    },
    {
        "Quarter": "Q2-2022",
        "Countries": {
            "USA": 4,
            "India": 1,
            "France": 1,
            "UK": 1,
            "Australia": 1
        },
        "Occupations": {
            "Sales": 2,
            "Operations": 1,
            "Software Engineering": 1,
            "Information Technology": 1,
            "Marketing": 0,
            "Administration": 0,
            "Human Resources": 1
        },
        "Capital": 3.31,
        "Revenue": 723752,
        "RevenuePerEmployee": 90469,
        "CapitalToRevenueRatio": 4.573389779924615
    },
    {
        "Quarter": "Q3-2022",
        "Countries": {
            "USA": 4,
            "India": 1,
            "France": 1,
            "UK": 1,
            "Australia": 2
        },
        "Occupations": {
            "Sales": 2,
            "Operations": 1,
            "Software Engineering": 1,
            "Information Technology": 1,
            "Marketing": 0,
            "Administration": 0,
            "Human Resources": 2
        },
        "Capital": 3.31,
        "Revenue": 801108,
        "RevenuePerEmployee": 89012,
        "CapitalToRevenueRatio": 4.131777488178872
    },
    {
        "Quarter": "Q4-2022",
        "Countries": {
            "USA": 5,
            "India": 3,
            "France": 2,
            "UK": 2,
            "Australia": 4
        },
        "Occupations": {
            "Sales": 6,
            "Operations": 3,
            "Software Engineering": 2,
            "Information Technology": 1,
            "Marketing": 0,
            "Administration": 0,
            "Human Resources": 2
        },
        "Capital": 3.31,
        "Revenue": 1475632,
        "RevenuePerEmployee": 92227,
        "CapitalToRevenueRatio": 2.2431066824248864
    },
    {
        "Quarter": "Q1-2023",
        "Countries": {
            "USA": 5,
            "India": 3,
            "France": 2,
            "UK": 2,
            "Australia": 4
        },
        "Occupations": {
            "Sales": 6,
            "Operations": 3,
            "Software Engineering": 2,
            "Information Technology": 1,
            "Marketing": 0,
            "Administration": 0,
            "Human Resources": 2
        },
        "Capital": 5.42,
        "Revenue": 1475632,
        "RevenuePerEmployee": 92227,
        "CapitalToRevenueRatio": 3.6730024830038928
    },
    {
        "Quarter": "Q2-2023",
        "Countries": {
            "USA": 5,
            "India": 4,
            "France": 2,
            "UK": 2,
            "Australia": 4
        },
        "Occupations": {
            "Sales": 7,
            "Operations": 3,
            "Software Engineering": 2,
            "Information Technology": 1,
            "Marketing": 0,
            "Administration": 0,
            "Human Resources": 2
        },
        "Capital": 5.42,
        "Revenue": 1533825,
        "RevenuePerEmployee": 90225,
        "CapitalToRevenueRatio": 3.533649536289994
    },
    {
        "Quarter": "Q3-2023",
        "Countries": {
            "USA": 6,
            "India": 7,
            "France": 3,
            "UK": 2,
            "Australia": 4
        },
        "Occupations": {
            "Sales": 7,
            "Operations": 3,
            "Software Engineering": 3,
            "Information Technology": 1,
            "Marketing": 1,
            "Administration": 2,
            "Human Resources": 3
        },
        "Capital": 9.39,
        "Revenue": 1719762,
        "RevenuePerEmployee": 78171,
        "CapitalToRevenueRatio": 5.460057845213465
    },
    {
        "Quarter": "Q4-2023",
        "Countries": {
            "USA": 6,
            "India": 7,
            "France": 3,
            "UK": 2,
            "Australia": 4
        },
        "Occupations": {
            "Sales": 7,
            "Operations": 3,
            "Software Engineering": 3,
            "Information Technology": 1,
            "Marketing": 1,
            "Administration": 2,
            "Human Resources": 3
        },
        "Capital": 9.39,
        "Revenue": 1719762,
        "RevenuePerEmployee": 78171,
        "CapitalToRevenueRatio": 5.460057845213465
    },
    {
        "Quarter": "Q1-2024",
        "Countries": {
            "USA": 6,
            "India": 7,
            "France": 3,
            "UK": 2,
            "Australia": 4
        },
        "Occupations": {
            "Sales": 7,
            "Operations": 3,
            "Software Engineering": 3,
            "Information Technology": 1,
            "Marketing": 1,
            "Administration": 2,
            "Human Resources": 3
        },
        "Capital": 9.39,
        "Revenue": 1719762,
        "RevenuePerEmployee": 78171,
        "CapitalToRevenueRatio": 5.460057845213465
    },
    {
        "Quarter": "Q2-2024",
        "Countries": {
            "USA": 9,
            "India": 10,
            "France": 3,
            "UK": 2,
            "Australia": 5
        },
        "Occupations": {
            "Sales": 11,
            "Operations": 3,
            "Software Engineering": 4,
            "Information Technology": 2,
            "Marketing": 2,
            "Administration": 2,
            "Human Resources": 3
        },
        "Capital": 9.39,
        "Revenue": 2312083,
        "RevenuePerEmployee": 79727,
        "CapitalToRevenueRatio": 4.061272886829755
    },
    {
        "Quarter": "Q3-2024",
        "Countries": {
            "USA": 9,
            "India": 11,
            "France": 3,
            "UK": 2,
            "Australia": 5
        },
        "Occupations": {
            "Sales": 11,
            "Operations": 3,
            "Software Engineering": 4,
            "Information Technology": 2,
            "Marketing": 2,
            "Administration": 2,
            "Human Resources": 4
        },
        "Capital": 9.39,
        "Revenue": 2313840,
        "RevenuePerEmployee": 77128,
        "CapitalToRevenueRatio": 4.058188984545172
    },
    {
        "Quarter": "Q4-2024",
        "Countries": {
            "USA": 9,
            "India": 11,
            "France": 3,
            "UK": 3,
            "Australia": 5
        },
        "Occupations": {
            "Sales": 11,
            "Operations": 3,
            "Software Engineering": 5,
            "Information Technology": 2,
            "Marketing": 2,
            "Administration": 2,
            "Human Resources": 4
        },
        "Capital": 9.39,
        "Revenue": 2416605,
        "RevenuePerEmployee": 77955,
        "CapitalToRevenueRatio": 3.885616391590682
    }
]