[
    {
        "Quarter": "Q1-2022",
        "Countries": {
            "USA": 1,
            "India": 3,
            "France": 0,
            "UK": 2,
            "Australia": 0
        },
        "Occupations": {
            "Sales": 3,
            "Operations": 0,
            "Software Engineering": 3,
            "Information Technology": 1,
            "Marketing": 0,
            "Administration": 0,
            "Human Resources": 1
        },
        "Capital": 0.98,
        "Revenue": 472500,
        "RevenuePerEmployee": 78750,
        "CapitalToRevenueRatio": 2.074074074074074
    },
    {
        "Quarter": "Q2-2022",
        "Countries": {
            "USA": 0,
            "India": 2,
            "France": 0,
            "UK": 2,
            "Australia": 0
        },
        "Occupations": {
            "Sales": 3,
            "Operations": 0,
            "Software Engineering": 3,
            "Information Technology": 1,
            "Marketing": 0,
            "Administration": 0,
            "Human Resources": 1
        },
        "Capital": 0.98,
        "Revenue": 377500,
        "RevenuePerEmployee": 94375,
        "CapitalToRevenueRatio": 2.596026490066225
    },
    {
        "Quarter": "Q3-2022",
        "Countries": {
            "USA": 0,
            "India": 2,
            "France": 0,
            "UK": 1,
            "Australia": 0
        },
        "Occupations": {
            "Sales": 3,
            "Operations": 0,
            "Software Engineering": 2,
            "Information Technology": 1,
            "Marketing": 0,
            "Administration": 0,
            "Human Resources": 1
        },
        "Capital": 0.98,
        "Revenue": 245001,
        "RevenuePerEmployee": 81667,
        "CapitalToRevenueRatio": 3.9999836735360264
    },
    {
        "Quarter": "Q4-2022",
        "Countries": {
            "USA": 0,
            "India": 2,
            "France": 0,
            "UK": 1,
            "Australia": 0
        },
        "Occupations": {
            "Sales": 3,
            "Operations": 0,
            "Software Engineering": 2,
            "Information Technology": 1,
            "Marketing": 0,
            "Administration": 0,
            "Human Resources": 1
        },
        "Capital": 0.98,
        "Revenue": 245001,
        "RevenuePerEmployee": 81667,
        "CapitalToRevenueRatio": 3.9999836735360264
    },
    {
        "Quarter": "Q1-2023",
        "Countries": {
            "USA": 0,
            "India": 1,
            "France": 0,
            "UK": 1,
            "Australia": 0
        },
        "Occupations": {
            "Sales": 2,
            "Operations": 0,
            "Software Engineering": 2,
            "Information Technology": 1,
            "Marketing": 0,
            "Administration": 0,
            "Human Resources": 0
        },
        "Capital": 0.98,
        "Revenue": 225000,
        "RevenuePerEmployee": 112500,
        "CapitalToRevenueRatio": 4.355555555555555
    },
    {
        "Quarter": "Q2-2023",
        "Countries": {
            "USA": 0,
            "India": 1,
            "France": 0,
            "UK": 1,
            "Australia": 0
        },
        "Occupations": {
            "Sales": 1,
            "Operations": 0,
            "Software Engineering": 2,
            "Information Technology": 1,
            "Marketing": 0,
            "Administration": 0,
            "Human Resources": 0
        },
        "Capital": 5.460000000000001,
        "Revenue": 182500,
        "RevenuePerEmployee": 91250,
        "CapitalToRevenueRatio": 29.917808219178088
    },
    {
        "Quarter": "Q3-2023",
        "Countries": {
            "USA": 0,
            "India": 0,
            "France": 0,
            "UK": 1,
            "Australia": 0
        },
        "Occupations": {
            "Sales": 1,
            "Operations": 0,
            "Software Engineering": 1,
            "Information Technology": 0,
            "Marketing": 0,
            "Administration": 0,
            "Human Resources": 0
        },
        "Capital": 5.460000000000001,
        "Revenue": 175000,
        "RevenuePerEmployee": 175000,
        "CapitalToRevenueRatio": 31.200000000000006
    },
    {
        "Quarter": "Q4-2023",
        "Countries": {
            "USA": 0,
            "India": 0,
            "France": 0,
            "UK": 1,
            "Australia": 0
        },
        "Occupations": {
            "Sales": 1,
            "Operations": 0,
            "Software Engineering": 1,
            "Information Technology": 0,
            "Marketing": 0,
            "Administration": 0,
            "Human Resources": 0
        },
        "Capital": 7.620000000000001,
        "Revenue": 175000,
        "RevenuePerEmployee": 175000,
        "CapitalToRevenueRatio": 43.54285714285715
    },
    {
        "Quarter": "Q1-2024",
        "Countries": {
            "USA": 0,
            "India": 0,
            "France": 0,
            "UK": 1,
            "Australia": 0
        },
        "Occupations": {
            "Sales": 1,
            "Operations": 0,
            "Software Engineering": 1,
            "Information Technology": 0,
            "Marketing": 0,
            "Administration": 0,
            "Human Resources": 0
        },
        "Capital": 7.620000000000001,
        "Revenue": 175000,
        "RevenuePerEmployee": 175000,
        "CapitalToRevenueRatio": 43.54285714285715
    },
    {
        "Quarter": "Q2-2024",
        "Countries": {
            "USA": 0,
            "India": 0,
            "France": 0,
            "UK": 1,
            "Australia": 0
        },
        "Occupations": {
            "Sales": 1,
            "Operations": 0,
            "Software Engineering": 1,
            "Information Technology": 0,
            "Marketing": 0,
            "Administration": 0,
            "Human Resources": 0
        },
        "Capital": 7.620000000000001,
        "Revenue": 175000,
        "RevenuePerEmployee": 175000,
        "CapitalToRevenueRatio": 43.54285714285715
    },
    {
        "Quarter": "Q3-2024",
        "Countries": {
            "USA": 0,
            "India": 0,
            "France": 0,
            "UK": 1,
            "Australia": 0
        },
        "Occupations": {
            "Sales": 1,
            "Operations": 0,
            "Software Engineering": 1,
            "Information Technology": 0,
            "Marketing": 0,
            "Administration": 0,
            "Human Resources": 0
        },
        "Capital": 7.620000000000001,
        "Revenue": 175000,
        "RevenuePerEmployee": 175000,
        "CapitalToRevenueRatio": 43.54285714285715
    },
    {
        "Quarter": "Q4-2024",
        "Countries": {
            "USA": 0,
            "India": 0,
            "France": 0,
            "UK": 1,
            "Australia": 0
        },
        "Occupations": {
            "Sales": 0,
            "Operations": 0,
            "Software Engineering": 0,
            "Information Technology": 0,
            "Marketing": 0,
            "Administration": 0,
            "Human Resources": 0
        },
        "Capital": 7.620000000000001,
        "Revenue": 120000,
        "RevenuePerEmployee": 120000,
        "CapitalToRevenueRatio": 63.50000000000001
    }
]